

@inproceedings{Howgrave-GrahamJ10,
  author    = {Nick Howgrave{-}Graham and
               Antoine Joux},
  editor    = {Henri Gilbert},
  title     = {{New Generic Algorithms for Hard Knapsacks}},
  booktitle = {Advances in Cryptology - {EUROCRYPT} 2010, 29th Annual International
               Conference on the Theory and Applications of Cryptographic Techniques,
               Monaco / French Riviera, May 30 - June 3, 2010. Proceedings},
  series    = {Lecture Notes in Computer Science},
  volume    = {6110},
  pages     = {235--256},
  publisher = {Springer},
  year      = {2010},
  url       = {https://doi.org/10.1007/978-3-642-13190-5\_12},
  doi       = {10.1007/978-3-642-13190-5\_12},
  timestamp = {Tue, 14 May 2019 10:00:53 +0200},
  biburl    = {https://dblp.org/rec/conf/eurocrypt/Howgrave-GrahamJ10.bib},
  bibsource = {dblp computer science bibliography, https://dblp.org}
}


@inproceedings{BeckerCJ11,
  author    = {Anja Becker and
               Jean{-}S{\'{e}}bastien Coron and
               Antoine Joux},
  editor    = {Kenneth G. Paterson},
  title     = {{Improved Generic Algorithms for Hard Knapsacks}},
  booktitle = {Advances in Cryptology - {EUROCRYPT} 2011 - 30th Annual International
               Conference on the Theory and Applications of Cryptographic Techniques,
               Tallinn, Estonia, May 15-19, 2011. Proceedings},
  series    = {Lecture Notes in Computer Science},
  volume    = {6632},
  pages     = {364--385},
  publisher = {Springer},
  year      = {2011},
  url       = {https://doi.org/10.1007/978-3-642-20465-4\_21},
  doi       = {10.1007/978-3-642-20465-4\_21},
  timestamp = {Tue, 14 May 2019 10:00:54 +0200},
  biburl    = {https://dblp.org/rec/conf/eurocrypt/BeckerCJ11.bib},
  bibsource = {dblp computer science bibliography, https://dblp.org}
}

@inproceedings{BonnetainBSS20,
  author    = {Xavier Bonnetain and
               R{\'{e}}mi Bricout and
               Andr{\'{e}} Schrottenloher and
               Yixin Shen},
  editor    = {Shiho Moriai and
               Huaxiong Wang},
  title     = {{Improved Classical and Quantum Algorithms for Subset-Sum}},
  booktitle = {Advances in Cryptology - {ASIACRYPT} 2020 - 26th International Conference
               on the Theory and Application of Cryptology and Information Security,
               Daejeon, South Korea, December 7-11, 2020, Proceedings, Part {II}},
  series    = {Lecture Notes in Computer Science},
  volume    = {12492},
  pages     = {633--666},
  publisher = {Springer},
  year      = {2020},
  url       = {https://doi.org/10.1007/978-3-030-64834-3\_22},
  doi       = {10.1007/978-3-030-64834-3\_22},
  timestamp = {Thu, 10 Dec 2020 10:09:50 +0100},
  biburl    = {https://dblp.org/rec/conf/asiacrypt/BonnetainBSS20.bib},
  bibsource = {dblp computer science bibliography, https://dblp.org}
}
