@inproceedings{boneh2018-darkmatter,
    author = {Dan Boneh and Yuval Ishai and Alain Passel\`egue and Amit Sahai and David J. Wu},
    title = {Exploring Crypto Dark Matter: New Simple PRF Candidates and Their Applications},
    booktitle = {TCC},
    year = {2018},
    pages = {699--729}
}